@article{Campbell1969,
author    = {Campbell, M. J. and Ulrichs, J.},
title     = {Electrical properties of rocks and their significance for lunar radar
            observations},
journal   = {Journal of Geophysical Research},
year      = {1969},
volume    = {74},
pages     = {5867--5881},
number    = {25},
doi       = {10.1029/JB074i025p05867},
month     = {12},
file      = {FULLTEXT:/var/www/html/librarian/library/pdfs/0/0/00105.pdf:PDF}
}